<?xml version="1.0" encoding="UTF-8"?><collection xmlns="http://www.loc.gov/MARC21/slim"><record><leader>00508nam--2200169-i-4500</leader><controlfield tag="001">000010881</controlfield><controlfield tag="002">20161230</controlfield><controlfield tag="005">20161230201029</controlfield><controlfield tag="008">060222s1000------------r-----000-0-eng-d</controlfield><datafield ind1=" " ind2=" " tag="040"><subfield code="a">IFIN-HH</subfield></datafield><datafield ind1=" " ind2=" " tag="080"><subfield code="a">548(038)=004=20=30=40=82:801.323.9</subfield></datafield><datafield ind1="1" ind2=" " tag="100"><subfield code="a">Backhaus ,Karl- Otto</subfield></datafield><datafield ind1="1" ind2="0" tag="245"><subfield code="a">Technik-vorterbuch kristallografie englisch, deursch, franzosisch, russisch</subfield><subfield code="c">Karl-otto backhaus</subfield></datafield><datafield ind1=" " ind2=" " tag="260"><subfield code="a">Berlin</subfield><subfield code="b">Veb Verlag Technik</subfield><subfield code="c">1972</subfield></datafield><datafield ind1=" " ind2=" " tag="300"><subfield code="a">132P</subfield></datafield><datafield ind1=" " ind2=" " tag="852"><subfield code="a">D.493</subfield><subfield code="c">SLC</subfield></datafield><datafield ind1=" " ind2=" " tag="CAT"><subfield code="a">Sys</subfield><subfield code="c">20130301</subfield><subfield code="h">141039</subfield></datafield></record></collection>